<record><leader>00000cas a22000007a 4500</leader><controlfield tag="001">12948101</controlfield><controlfield tag="008">851221d18981uuuiauwr ne      0    0swe d</controlfield><datafield ind1=" " ind2=" " tag="010"><subfield code="a">sn 85049914 </subfield></datafield><datafield ind1=" " ind2=" " tag="040"><subfield code="a">INP</subfield><subfield code="b">eng</subfield><subfield code="c">INP</subfield><subfield code="d">OCLCQ</subfield></datafield><datafield ind1=" " ind2=" " tag="042"><subfield code="a">msc</subfield></datafield><datafield ind1="0" ind2="0" tag="245"><subfield code="a">Mississippi-posten.</subfield></datafield><datafield ind1=" " ind2=" " tag="260"><subfield code="a">Burlington, Iowa :</subfield><subfield code="b">[s.n.],</subfield><subfield code="c">1898-</subfield></datafield><datafield ind1=" " ind2=" " tag="300"><subfield code="a">v.</subfield></datafield><datafield ind1=" " ind2=" " tag="310"><subfield code="a">Weekly</subfield></datafield><datafield ind1="0" ind2=" " tag="362"><subfield code="a">A&#778;rg 1, no. 1 (Juni 24, 1898)-</subfield></datafield><datafield ind1=" " ind2=" " tag="500"><subfield code="a">Publisher: E. Sibiakoffsky, &lt;Sept. 9-Dec. 30, 1898&gt;.</subfield></datafield><datafield ind1=" " ind2=" " tag="500"><subfield code="a">&quot;Tidning fo&#776;r Svenskarne i Iowa och na&#776;rgra&#776;nsande stater&quot;, Juni 24, 1898-Juli 8, 1898&gt;.</subfield></datafield><datafield ind1=" " ind2=" " tag="500"><subfield code="a">&quot;Liberal Politisk Vecko-Tidning fo&#776;r Svenskarne i Iowa och na&#776;rgra&#776;nsande stater&quot;, &lt;Juli 15, 1898&gt;-</subfield></datafield><datafield ind1=" " ind2=" " tag="500"><subfield code="a">Editors: E. Sibiakoffsky, G.L.H. Enestrom, June 24, 1898-&lt;Aug. 5, 1898&gt;; E. Sibiakoffsky, &lt;Sept. 9-Dec. 30, 1898&gt;.</subfield></datafield><datafield ind1=" " ind2=" " tag="752"><subfield code="a">United States</subfield><subfield code="b">Iowa</subfield><subfield code="c">Des Moines</subfield><subfield code="d">Burlington.</subfield></datafield><datafield ind1="1" ind2=" " tag="029"><subfield code="a">AU@</subfield><subfield code="b">000025786599</subfield></datafield></record>